@BOOK{Con97,
  AUTHOR =       "Stefan Conrad",
  TITLE =        "{F{\"o}derierte Datenbanksysteme: Konzepte der Datenintegration}",
  PUBLISHER =    "Springer Verlag",
  YEAR =         "1997",
  address =      "Berlin",
}

@BOOK{PeHe97,
  AUTHOR =       "David A. Patterson and John L. Hennessy",
  TITLE =        "{Computer Organization and Design}",
  PUBLISHER =    " Morgan Kaufmann Publishers",
  YEAR =         "2004",
  address =      "San Francisco",
}

@online{G2DM,
	author = {Ron Zarcharski},
	title = {A Programmer's Guide to Data Mining: The Ancient Art of the Numerati},
	year = {2015},
	OPTeditor = {editor},
	OPTeditora = {editora},
	OPTeditorb = {editorb},
	OPTeditorc = {editorc},
	OPTtranslator = {translator},
	OPTannotator = {annotator},
	OPTcommentator = {commentator},
	OPTintroduction = {introduction},
	OPTforeword = {foreword},
	OPTafterword = {afterword},
	OPTsubtitle = {subtitle},
	OPTtitleaddon = {titleaddon},
	OPTmaintitle = {maintitle},
	OPTmainsubtitle = {mainsubtitle},
	OPTmaintitleaddon = {maintitleaddon},
	OPTlanguage = {language},
	OPToriglanguage = {origlanguage},
	OPTvolume = {volume},
	OPTpart = {part},
	OPTedition = {edition},
	OPTvolumes = {volumes},
	OPTseries = {series},
	OPTnumber = {number},
	OPTnote = {note},
	OPTpublisher = {publisher},
	OPTlocation = {location},
	OPTisbn = {isbn},
	OPTchapter = {chapter},
	OPTpages = {pages},
	OPTpagetotal = {pagetotal},
	OPTaddendum = {addendum},
	OPTpubstate = {pubstate},
	OPTdoi = {doi},
	OPTeprint = {eprint},
	OPTeprintclass = {eprintclass},
	OPTeprinttype = {eprinttype},
	url = {http://guidetodatamining.com/},
	OPTurldate = {urldate},
}


@article{cf,
	author = {Luo and Niu and Shen and Ullrich},
	title = {A collaborative filterin framework based on both loacal user similarity and global user similarity},
	journaltitle = {Springer Science+Business Media},
	year = {2008},
	OPTtranslator = {translator},
	OPTannotator = {annotator},
	OPTcommentator = {commentator},
	OPTsubtitle = {subtitle},
	OPTtitleaddon = {titleaddon},
	OPTeditor = {editor},
	OPTeditora = {editora},
	OPTeditorb = {editorb},
	OPTeditorc = {editorc},
	OPTjournalsubtitle = {journalsubtitle},
	OPTissuetitle = {issuetitle},
	OPTissuesubtitle = {issuesubtitle},
	OPTlanguage = {language},
	OPToriglanguage = {origlanguage},
	OPTseries = {series},
	OPTvolume = {volume},
	OPTnumber = {number},
	OPTeid = {eid},
	OPTissue = {issue},
	OPTmonth = {month},
	OPTpages = {pages},
	OPTversion = {version},
	OPTnote = {note},
	OPTissn = {issn},
	OPTaddendum = {addendum},
	OPTpubstate = {pubstate},
	OPTdoi = {doi},
	OPTeprint = {eprint},
	OPTeprintclass = {eprintclass},
	OPTeprinttype = {eprinttype},
	url = {http://www-ai.cs.uni-dortmund.de/LEHRE/SEMINARE/SS09/AKTARBEITENDESDM/LITERATUR/CollaborativeFiltering.pdf},
	OPTurldate = {urldate},
}
@online{graph,
	author = {Mirza and Keller and Ramakrishnan},
	ALTeditor = {editor},
	title = {Studying Recommendation Algorithms by Graph Analysis},
	OPTdate = {date},
	url = {http://people.cs.vt.edu/~ramakris/papers/receval.pdf},
	OPTsubtitle = {subtitle},
	OPTtitleaddon = {titleaddon},
	OPTlanguage = {language},
	OPTversion = {version},
	OPTnote = {note},
	OPTorganization = {organization},
	OPTdate = {date},
	OPTmonth = {month},
	OPTyear = {year},
	OPTaddendum = {addendum},
	OPTpubstate = {pubstate},
	OPTurldate = {urldate},
}



